<?xml version="1.0" encoding="UTF-8"?>
<record xmlns="http://www.loc.gov/MARC21/slim" xmlns:xsi="http://www.w3.org/2001/XMLSchema-instance" xsi:schemaLocation="http://www.loc.gov/MARC21/slim http://www.loc.gov/standards/marcxml/schema/MARC21slim.xsd">
<leader>00000cam a22      a 4500</leader>
<controlfield tag="001">001677824</controlfield>
<controlfield tag="003">NNU</controlfield>
<controlfield tag="005">20150731160933.0</controlfield>
<controlfield tag="008">040903m19539999ua a     b    000 0 ara d</controlfield>
<datafield tag="035" ind1=" " ind2=" ">
<subfield code="a">(OCoLC)63665940</subfield>
</datafield>
<datafield tag="040" ind1=" " ind2=" ">
<subfield code="a">PAU</subfield>
<subfield code="b">eng</subfield>
<subfield code="c">PAU</subfield>
<subfield code="d">OCLCF</subfield>
<subfield code="d">OCLCO</subfield>
<subfield code="d">OCLCQ</subfield>
<subfield code="d">OCL</subfield>
<subfield code="d">NNU</subfield>
</datafield>
<datafield tag="043" ind1=" " ind2=" ">
<subfield code="a">ma-----</subfield>
</datafield>
<datafield tag="050" ind1=" " ind2="4">
<subfield code="a">D25</subfield>
<subfield code="b">.R269 1953</subfield>
</datafield>
<datafield tag="100" ind1="1" ind2=" ">
<subfield code="6">880-01</subfield>
<subfield code="a">Ramzī, Aḥmad.</subfield>
</datafield>
<datafield tag="245" ind1="1" ind2="0">
<subfield code="6">880-02</subfield>
<subfield code="a">Munādamat al-ḥurūb :</subfield>
<subfield code="b">adab wa-ḥarb wa-siyāsah /</subfield>
<subfield code="c">bi-qalam Aḥmad Ramzī.</subfield>
</datafield>
<datafield tag="260" ind1=" " ind2=" ">
<subfield code="6">880-03</subfield>
<subfield code="a">al-Qāhirah :</subfield>
<subfield code="b">Maktabat al-Nahḍah al-Miṣrīyah,</subfield>
<subfield code="c">1953-</subfield>
</datafield>
<datafield tag="300" ind1=" " ind2=" ">
<subfield code="a">volumes :</subfield>
<subfield code="b">illustrations ;</subfield>
<subfield code="c">25 cm</subfield>
</datafield>
<datafield tag="336" ind1=" " ind2=" ">
<subfield code="a">text</subfield>
<subfield code="b">txt</subfield>
<subfield code="2">rdacontent</subfield>
</datafield>
<datafield tag="337" ind1=" " ind2=" ">
<subfield code="a">unmediated</subfield>
<subfield code="b">n</subfield>
<subfield code="2">rdamedia</subfield>
</datafield>
<datafield tag="338" ind1=" " ind2=" ">
<subfield code="a">volume</subfield>
<subfield code="b">nc</subfield>
<subfield code="2">rdacarrier</subfield>
</datafield>
<datafield tag="504" ind1=" " ind2=" ">
<subfield code="a">Includes bibliographical references.</subfield>
</datafield>
<datafield tag="650" ind1=" " ind2="0">
<subfield code="a">Military history.</subfield>
</datafield>
<datafield tag="650" ind1=" " ind2="7">
<subfield code="a">Military history.</subfield>
<subfield code="2">fast</subfield>
<subfield code="0">(OCoLC)fst01021222</subfield>
</datafield>
<datafield tag="880" ind1="1" ind2=" ">
<subfield code="6">100-01/</subfield>
<subfield code="a">رمزي، أحمد.</subfield>
</datafield>
<datafield tag="880" ind1="1" ind2="0">
<subfield code="6">245-02/</subfield>
<subfield code="a">منادمة الحروب :</subfield>
<subfield code="b">أدب وحرب وسياسة /</subfield>
<subfield code="c">بقلم أحمد رمزي.</subfield>
</datafield>
<datafield tag="880" ind1=" " ind2=" ">
<subfield code="6">260-03/</subfield>
<subfield code="a">القاهرة :</subfield>
<subfield code="b">مكتبة النهضة المصرية،</subfield>
<subfield code="c">1953-</subfield>
</datafield>
<datafield tag="OWN" ind1=" " ind2=" ">
<subfield code="a">GENERAL</subfield>
</datafield>
<datafield tag="AVA" ind1=" " ind2=" ">
<subfield code="a">NYU50</subfield>
<subfield code="b">BOBST</subfield>
<subfield code="c">Main Collection</subfield>
<subfield code="d">DS62 .R3</subfield>
<subfield code="e">unavailable</subfield>
<subfield code="t">Unavailable</subfield>
<subfield code="f">1</subfield>
<subfield code="g">1</subfield>
<subfield code="h">Y</subfield>
<subfield code="i">0</subfield>
<subfield code="j">MAIN</subfield>
<subfield code="k">0</subfield>
</datafield>
</record>
